

@techreport{tautges_moab:2004,
type = {{SAND2004-1592}},
title = {{MOAB:} A Mesh-Oriented Database},
institution = {Sandia National Laboratories},
author = {Tautges, T. J. and Meyers, R. and Merkley, K. and Stimpson, C. and Ernst, C.},
month = apr,
year = {2004},
note = {Report}
}

@article {ainsworth2003hierarchic,
author = {Ainsworth, Mark and Coyle, Joe},
title = {Hierarchic finite element bases on unstructured tetrahedral meshes},
journal = {International Journal for Numerical Methods in Engineering},
volume = {58},
number = {14},
publisher = {John Wiley & Sons, Ltd.},
issn = {1097-0207},
pages = {2103--2130},
keywords = {hierarchic finite element bases, conforming finite element spaces},
year = {2003},
}

@Misc{petsc-web-page,
author = {Satish Balay and Shrirang Abhyankar and Mark~F. Adams and Jed Brown and Peter Brune
and Kris Buschelman and Lisandro Dalcin and Victor Eijkhout and William~D. Gropp
and Dinesh Kaushik and Matthew~G. Knepley
and Lois Curfman McInnes and Karl Rupp and Barry~F. Smith
and Stefano Zampini and Hong Zhang},
title =  {{PETS}c {W}eb page},
url =    {http://www.mcs.anl.gov/petsc},
year = {2015}
}

@Misc{boost-web-page,
title =  {{B}oost {W}eb page},
url =    {https://www.boost.org},
year = {2019}
}


@Misc{MoFEMWebPage,
title =  {{M}o{FEM} {W}eb page},
url =    {http://mofem.eng.gla.ac.uk},
year = {2019}
}

@Misc{MOABWebPage,
title =  {{MOAB} {W}eb page},
url =    {https://press3.mcs.anl.gov/sigma/},
year = {2019}
}

@article{ainsworth2011bernstein,
  title={Bernstein-B{\'e}zier finite elements of arbitrary order and optimal assembly procedures},
  author={Ainsworth, Mark and Andriamaro, Gaelle and Davydov, Oleg},
  journal={SIAM Journal on Scientific Computing},
  volume={33},
  number={6},
  pages={3087--3109},
  year={2011},
  publisher={SIAM}
}

@article{fuentes2015orientation,
  title={Orientation embedded high order shape functions for the exact sequence elements of all shapes},
  author={Fuentes, Federico and Keith, Brendan and Demkowicz, Leszek and Nagaraj, Sriram},
  journal={Computers \& Mathematics with applications},
  volume={70},
  number={4},
  pages={353--458},
  year={2015},
  publisher={Elsevier}
}


@article{kaczmarczyk2017energy,
  title={Energy consistent framework for continuously evolving 3D crack propagation},
  author={Kaczmarczyk, Lukasz and Ullah, Zahur and Pearce, Chris J},
  journal={Computer Methods in Applied Mechanics and Engineering},
  volume={324},
  pages={54--73},
  year={2017},
  publisher={Elsevier}
}

@article{ullah2019unified,
  title={A unified framework for the multi-scale computational homogenisation 3D-textile composites},
  author={Ullah, Zahur and Zhou, Xiao-Yi and Kaczmarczyk, Lukasz and Archer, E and McIlhagger, A and Harkin-Jones, E},
  journal={Composites Part B: Engineering},
  year={2019},
  publisher={Elsevier}
}

@article{babuska1992version,
  title={The h, p and h-p version of the finite element method; basis theory and applications},
  author={Babu\v{s}ka, I. and Guo, B.Q.},
  journal={Advances in Engineering Software},
  volume={15},
  pages={159--174},
  year={1992},
  publisher={Elsevier}
}

@article{kaczmarczyk2016prism,
  title={Prism solid-shell with heterogonous and hierarchical approximation basis},
  author={Kaczmarczyk, Lukasz and Ullah, Zahur and Pearce, Chris J},
  year={2016},
  month=apr,
  journal={UKACM Cardiff, UK},
  doi={10.5281/zenodo.789521},
  url={http://doi.org/10.5281/zenodo.583683}
}

@article{gopalakrishnan2012second,
  title={A second elasticity element using the matrix bubble},
  author={Gopalakrishnan, Jayadeep and Guzm{\'a}n, Johnny},
  journal={IMA Journal of Numerical Analysis},
  volume={32},
  number={1},
  pages={352--372},
  year={2012},
  publisher={OUP}
}

@phdthesis{richardson2018multiphysics,
  title={A multiphysics finite element model of the wood cell wall},
  author={Richardson, Euan J},
  year={2018},
  school={University of Glasgow}
}