@article{kaczmarczyk2014three,
  title={Three-dimensional brittle fracture: configurational-force-driven crack propagation},
  author={Kaczmarczyk, {\L}ukasz and Nezhad, Mohaddeseh Mousavi and Pearce, Chris},
  journal={International Journal for Numerical Methods in Engineering},
  volume={97},
  number={7},
  pages={531--550},
  year={2014}
}

@article{hu2012viscoelasticity,
  title={Viscoelasticity and poroelasticity in elastomeric gels},
  author={Hu, Yuhang and Suo, Zhigang},
  journal={Acta Mechanica Solida Sinica},
  volume={25},
  number={5},
  pages={441--458},
  year={2012},
  publisher={Elsevier}
}

@article{CotterellAndRice,
year={1980},
issn={0376-9429},
journal={International Journal of Fracture},
volume={16},
number={2},
doi={10.1007/BF00012619},
title={Slightly curved or kinked cracks},
url={http://dx.doi.org/10.1007/BF00012619},
publisher={Kluwer Academic Publishers},
author={Cotterell, B. and Rice, J.R.},
pages={155-169},
language={English}
}

@article{hutchinson1992mixed,
  title={Mixed mode cracking in layered materials},
  author={Hutchinson, John W and Suo, Zhigang},
  journal={Advances in applied mechanics},
  volume={29},
  number={63},
  pages={191},
  year={1992}
}
